@inproceedings{mainland2007s,
	title={Why it's nice to be quoted: quasiquoting for haskell},
	author={Mainland, Geoffrey},
	booktitle={Proceedings of the ACM SIGPLAN workshop on Haskell workshop},
	pages={73--82},
	year={2007},
	organization={ACM}
}
@incollection{erdweg2013state,
	title={The state of the art in language workbenches},
	author={Erdweg, Sebastian and van der Storm, Tijs and V{\"o}lter, Markus and Boersma, Meinte and Bosman, Remi and Cook, William R and Gerritsen, Albert and Hulshout, Angelo and Kelly, Steven and Loh, Alex and others},
	booktitle={Software language engineering},
	pages={197--217},
	year={2013},
	publisher={Springer}
}
@inproceedings{sheard2002template,
	title={Template meta-programming for Haskell},
	author={Sheard, Tim and Jones, Simon Peyton},
	booktitle={Proceedings of the 2002 ACM SIGPLAN workshop on Haskell},
	pages={1--16},
	year={2002},
	organization={ACM}
}
@inproceedings{kats2010spoofax,
	title={The spoofax language workbench: rules for declarative specification of languages and IDEs},
	author={Kats, Lennart CL and Visser, Eelco},
	booktitle={ACM sigplan notices},
	volume={45},
	number={10},
	pages={444--463},
	year={2010},
	organization={ACM}
}
@book{van2011rascal,
	title={The Rascal language workbench},
	author={van der Storm, Tijs},
	year={2011},
	publisher={CWI. Software Engineering [SEN]}
}
@online{mpsdocumentation,
	title={MPS Documentation},
	url={https://confluence.jetbrains.com/display/MPSD33/MPS+Useri\%27s+Guide},
	urldate={2016-20-2}
}
@online{langtechs,
	title={Langtechs},
	url={https://github.com/softlangbook/langtechs},
	author={Simon Schauß},
	urldate={2016-03-17}
}
@online{rascaltutor,
	title={rascaltutor},
	url={http://tutor.rascal-mpl.org/Rascal/Rascal.html},
	urldate={2016-11-01}
}
@online{scalamacroparadise,
	title={Macro Paradise},
	url={http://docs.scala-lang.org/overviews/macros/paradise.html},
	urldate={2016-15-01}
}
@online{scalamacros,
	title={Scala Macros},
	url={http://docs.scala-lang.org/overviews/macros/overview.html},
	urldate={2016-15-01}
}
@online{scalaquasiquotation,
	title={Scala Quasiquotation},
	url={http://docs.scala-lang.org/overviews/quasiquotes/intro.html},
	urldate={2016-15-01}
}
@online{templatehaskell,
	title={Template Haskell},
	url={https://downloads.haskell.org/~ghc/latest/docs/html/users_guide/template-haskell.html},
	urldate={2016-27-02}	
}
@online{mpspatterns,
	title={MPS - Common Language Patterns},
	url={https://confluence.jetbrains.com/display/MPSD33/Common+language+patterns},
	urldate={2016-20-2}
}
@inproceedings{pech2013jetbrains,
	title={JetBrains MPS as a tool for extending Java},
	author={Pech, Vaclav and Shatalin, Alex and Voelter, Markus},
	booktitle={Proceedings of the 2013 International Conference on Principles and Practices of Programming on the Java Platform: Virtual Machines, Languages, and Tools},
	pages={165--168},
	year={2013},
	organization={ACM}
}
@online{scalatest,
	title={ScalaTest},
	url={http://www.scalatest.org/},
	urldate={2016-01-03}
}
@online{rackunit,
	title={RackUnit},
	url={http://docs.racket-lang.org/rackunit/},
	urldate={2016-01-14}
}
@online{parsec,
	title={Parsec},
	url={http://hackage.haskell.org/package/parsec},
	urldate={2016-03-14}
}
@online{doctest,
	title={doctest},
	url={https://hackage.haskell.org/package/doctest},
	urldate={2016-03-15}
}
@inproceedings{burmako2013scala,
	title={Scala macros: let our powers combine!: on how rich syntax and static types work with metaprogramming},
	author={Burmako, Eugene},
	booktitle={Proceedings of the 4th Workshop on Scala},
	pages={3},
	year={2013},
	organization={ACM}
}
@inproceedings{tobin2011languages,
	title={Languages as libraries},
	author={Tobin-Hochstadt, Sam and St-Amour, Vincent and Culpepper, Ryan and Flatt, Matthew and Felleisen, Matthias},
	booktitle={ACM SIGPLAN Notices},
	volume={46},
	number={6},
	pages={132--141},
	year={2011},
	organization={ACM}
}
@misc{laemmel2014,
	title={Model of a DSL for finite state machines},
	author={Lämmel, Ralf},
	year={2014}
}
